@article{draganov2025embeddingnorms,
  title   = {On the Importance of Embedding Norms in Self-Supervised Learning},
  author  = {Andrew Draganov and Sharvaree Vadgama and Sebastian Damrich and Jan Niklas B{"o}hm and Lucas Maes and Dmitry Kobak and Erik Bekkers},
  journal = {arXiv:2502.09252},
  year    = {2025}
}

@inproceedings{wang2017normface,
  title      = {NormFace: L2 Hypersphere Embedding for Face Verification},
  author     = {Feng Wang and Xiang Xiang and Jian Cheng and Alan L. Yuille},
  booktitle  = {Proceedings of the 25th ACM International Conference on Multimedia},
  year       = {2017}
}


@article{huang2024retrievalsurvey,
  title   = {A Comprehensive Survey on Retrieval Methods in Recommender Systems},
  author  = {J. Huang and J. Chen and J. Lin and J. Qin and Z. Feng and W. Zhang and Y. Yu},
  journal = {ACM Transactions on Information Systems},
  year    = {2024}
}

@article{draganov2024pitfalls,
  title   = {The Hidden Pitfalls of the Cosine Similarity Loss},
  author  = {Andrew Draganov and Sharvaree Vadgama and Erik Bekkers},
  journal = {arXiv:2406.16468},
  year    = {2024}
}

@book{goodfellow2016deeplearning,
  title     = {Deep Learning},
  author    = {Ian Goodfellow and Yoshua Bengio and Aaron Courville},
  publisher = {MIT Press},
  year      = {2016}
}

@article{oord2018cpc,
  title   = {Representation Learning with Contrastive Predictive Coding},
  author  = {Aaron van den Oord and Yazhe Li and Oriol Vinyals},
  journal = {arXiv:1807.03748},
  year    = {2018}
}

@inproceedings{covington2016youtube,
  title     = {Deep Neural Networks for YouTube Recommendations},
  author    = {Paul Covington and Jay Adams and Emre Sargin},
  booktitle = {Proceedings of the 10th ACM Conference on Recommender Systems},
  year      = {2016}
}

@article{yuan2024contextgnn,
  title   = {ContextGNN: Beyond Two-Tower Recommendation Systems},
  author  = {Yijun Yuan and Zhen Zhang and Xiangnan He and A Nitta and Wenzheng Hu and Di Wang and M Shah and Shuo Huang and Bojan Stojanovi\'c and A Krumholz},
  journal = {arXiv:2411.19513},
  year    = {2024}
}

@inproceedings{smith2017clr,
  title     = {Cyclical Learning Rates for Training Neural Networks},
  author    = {Leslie N. Smith},
  booktitle = {2017 IEEE Winter Conference on Applications of Computer Vision (WACV)},
  year      = {2017}
}

@book{roch_mdp_2024,
  place={Cambridge},
  series={Cambridge Series in Statistical and Probabilistic Mathematics},
  title={Modern Discrete Probability: An Essential Toolkit},
  DOI={10.1017/9781009305129},
  publisher={Cambridge University Press},
  author={Roch, Sebastien},
  year={2024},
  collection={Cambridge Series in Statistical and Probabilistic Mathematics}
}

